@book{algebraBook,
  author    = {Serge Lang},
  title     = {Algebra},
  publisher = {Springer},
  year      = {2002}
}

@article{groupTheory,
  author    = {John Doe},
  title     = {An Introduction to Group Theory},
  journal   = {Mathematics Today},
  year      = {2015}
}
